@article{meltzer2012use,
  title={Use of actigraphy for assessment in pediatric sleep research},
  author={Meltzer, Lisa J and Montgomery-Downs, Hawley E and Insana, Salvatore P and Walsh, Colleen M},
  journal={Sleep medicine reviews},
  volume={16},
  number={5},
  pages={463--475},
  year={2012},
  publisher={Elsevier}
}